@book{ang_beginners_2007, 
    author = {Ang, Whye-Teons},
    address = {Boca Raton, {USA}},
    title = {A Beginner's Course in Boundary Element Methods},
    url = {http://www.ntu.edu.sg/home/mwtang/bem2011.html},
    publisher = {Universal Publishers},
    year = {2007}
}

@book{rother_electromagnetic_2009,
    author={Rother, Tom},
    address = {Berlin},
    title = {Electromagnetic Wave Scattering on Nonspherical Particles : Basic Methodology and Simulations},
    publisher = {Springer},
    year = {2009}
}

@article{rodriguez_fluctuating-surface-current_2013,
    author = {Rodriguez, {Alejandro W.} and Reid, {M. T. H.} and Johnson, {Steven G.}},
    title = {Fluctuating-Surface-Current Formulation of Radiative Heat Transfer: Theory and Applications},
    journal = {Physical Review B},
    volume = {88},
    number = {5},
    pages = {054035},
    month = {August},
    year = {2013}
}

